%%
%% Author: samuelblattner
%% 2019-01-20
%%

@article{DBLP:journals/corr/abs-1801-00632,
author = {Cedric De Boom and
 Thomas Demeester and
 Bart Dhoedt},
title = {Character-level Recurrent Neural Networks in Practice: Comparing Training
 and Sampling Schemes},
journal = {CoRR},
volume = {abs/1801.00632},
year = {2018},
url = {http://arxiv.org/abs/1801.00632},
archivePrefix = {arXiv},
eprint = {1801.00632},
timestamp = {Mon, 13 Aug 2018 16:47:45 +0200},
biburl = {https://dblp.org/rec/bib/journals/corr/abs-1801-00632},
bibsource = {dblp computer science bibliography, https://dblp.org}
}

@article{stanford,
author = "Julia Hirschberg and Christopher D. Manning",
title =             "Advances in natural language processing",
url = "https://cs224d.stanford.edu/papers/advances.pdf",
year = "2016"}

@article{karpathy,
author = {Andrej Karpathy},
title = {The Unreasonable Effectiveness of Recurrent Neural Networks},
year = {2015},
url = {http://karpathy.github.io/2015/05/21/rnn-effectiveness/},
}

@article{seqseqlearningwithnn,
author = "Ilya Sutskever, Oriol Vinyals, Quoc V. Le",
title =             "Sequence to Sequence Learning with Neural Networks",
year = "2014"}
