%%
%% Author: samuelblattner
%% 2019-01-20
%%

@article{seq2seq-learning-with-nn,
    author =            "Ilya Sutskever, Oriol Vinyals, Quoc V. Le",
    title =             "Sequence to Sequence Learning with Neural Networks",
    year =              "2014",
    key = content,
}