%%
%% Author: samuelblattner
%% 2019-01-20
%%

@article{seq2seq,
    author =            "Ilya Sutskever, Oriol Vinyals, Quoc V. Le",
    title =             "Sequence to Sequence Learning with Neural Networks",
    year =              "2014"
}

@online{robertson,
    author = "Sean Robertson",
    url = "https://pytorch.org/tutorials/intermediate/char_rnn_generation_tutorial.html",
    urldate = "2019-04-29",
    title = "GENERATING NAMES WITH A CHARACTER-LEVEL RNN",
    year = 2017
}

@online{dabbura,
    author = "Imad Babbura",
    url = "https://towardsdatascience.com/character-level-language-model-1439f5dd87fe",
    urldate = "2019-06-06",
    title = "Character-Level Language Model",
    year = 2018
}

@book{geron,
    author = "Aurélien Géron",
    title = "Hands-On Machine Learning with Scikit-Learn & TensorFlow",
    year = 2017,
    edition = 1,
    isbn = "978-1-491-96229-9",
    publisher = "O'Reilly Media, Inc."
}

@article{lstm,
    author = {Hochreiter, Sepp and Schmidhuber, Jürgen},
    year = {1997},
    month = {12},
    pages = {1735-80},
    title = {Long Short-term Memory},
    volume = {9},
    journal = {Neural computation},
    doi = {10.1162/neco.1997.9.8.1735}
}

@article{gru,
author    = {Kyunghyun Cho and
               Bart van Merrienboer and
               {\c{C}}aglar G{\"{u}}l{\c{c}}ehre and
               Fethi Bougares and
               Holger Schwenk and
               Yoshua Bengio},
title     = {Learning Phrase Representations using {RNN} Encoder-Decoder for Statistical
               Machine Translation},
journal   = {CoRR},
volume    = {abs/1406.1078},
year      = {2014},
url       = {http://arxiv.org/abs/1406.1078},
archivePrefix = {arXiv},
eprint    = {1406.1078},
timestamp = {Mon, 13 Aug 2018 16:46:44 +0200},
biburl    = {https://dblp.org/rec/bib/journals/corr/ChoMGBSB14},
bibsource = {dblp computer science bibliography, https://dblp.org}
}